@article{bovey76,
    author      = "Bovey, J. D.",
    title       = "A note on {Waring}'s problem in $p$-adic fields",
    journal     = "Acta Arithmetica",
    volume      = "29",
    numbers     = "29",
    pages       = "343--351",
    year        = "1976",
}

@article{burger96,
    author      = "Burger, E. B. and Struppeck, T.",
    title       = "Does $\sum_{n \ge 0} {n!}^{-1}$ really converge? {Infinite} series and $p$-adic analysis",
    journal     = "The American Mathematical Monthly",
    volume      = "103",
    numbers     = "7",
    pages       = "565--577",
    year        = "1996",
}

@article{parvardi11,
    author      = "Parvardi, A.",
    title       = "Lifting the exponent lemma ({LTE})",
    journal     = "Art of problem solving",
    volume      = "103",
    number      = "7",
    pages       = "565--577",
    year        = "2011",
}


@Book{serre73,
    author      = {Serre, J. P.},
    title       = {A Course in Arithmetic},
    publisher   = {Springer},
    year        = {1973},
}

@Book{hasse80,
    author      = {Hasse, H.},
    title       = {Number Theory},
    publisher   = {Springer},
    year        = {1980},
}

@Book{koblitz84,
    author      = {Koblitz, N.},
    title       = {$p$-adic numbers, analysis, and $\zeta$ functions},
    publisher   = {Springer},
    edition     = "2nd",
    year        = {1984},
}

@Book{schikhof85,
    author      = {Schikhof, W. H.},
    title       = {Ultrametric calculus: an introduction to $p$-adic analysis},
    publisher   = {Cambridge University Press},
    edition     = "1st",
    year        = {1985},
}

@Book{cassels86,
    author      = {Cassels, J. W. S.},
    title       = {Local Fields},
    publisher   = {Cambridge University Press},
    edition     = "1st",
    year        = {1986},
}

@Book{volovich94,
    author      = "Vladimirov, V. S. and Volovich, I. V. and Zelenov, E. I",
    title       = {$p$-adic analysis and mathematical physics},
    publisher   = {World Scientific},
    edition     = "1st",
    year        = {1994},
}

@Book{gouvea97,
    author      = {Gouvea, F.},
    title       = {$p$-adic numbers: an introduction},
    publisher   = {Springer},
    edition     = "2nd",
    year        = {1997},
}

@article{voloch99,
    author      = "Voloch, J. F.",
    title       = "On the $p$-adic {Waring}'s problem",
    journal     = "Acta Arithmetica",
    volume      = "XC",
    number      = "1",
    pages       = "92--95",
    year        = "1999",
}

@Book{robert99,
    author      = {Robert, A.},
    title       = {A Course in $p$-adic Analysis},
    publisher   = {Springer},
    year        = {1999},
}

